@inproceedings{AMASS:2019,
  title={AMASS: Archive of Motion Capture as Surface Shapes},
  author={Mahmood, Naureen and Ghorbani, Nima and F. Troje, Nikolaus and Pons-Moll, Gerard and Black, Michael J.},
  booktitle = {The IEEE International Conference on Computer Vision (ICCV)},
  year={2019},
  month = {Oct},
  url = {https://amass.is.tue.mpg.de},
  month_numeric = {10}
}